<?xml version="1.0" encoding="UTF-8"?><record xmlns="http://www.loc.gov/MARC21/slim" xmlns:cinclude="http://apache.org/cocoon/include/1.0" xmlns:zs="http://www.loc.gov/zing/srw/">
  <leader>00686cz  a2200181n  4500</leader>
  <controlfield tag="001">n  93035320 </controlfield>
  <controlfield tag="003">DLC</controlfield>
  <controlfield tag="005">20000728065047.0</controlfield>
  <controlfield tag="008">930416n| acannaabn          |a aaa      </controlfield>
  <datafield tag="010" ind1=" " ind2=" ">
    <subfield code="a">n  93035320 </subfield>
  </datafield>
  <datafield tag="035" ind1=" " ind2=" ">
    <subfield code="a">(OCoLC)oca03355401</subfield>
  </datafield>
  <datafield tag="040" ind1=" " ind2=" ">
    <subfield code="a">DLC</subfield>
    <subfield code="b">eng</subfield>
    <subfield code="c">DLC</subfield>
    <subfield code="d">DLC</subfield>
    <subfield code="d">OCoLC</subfield>
  </datafield>
  <datafield tag="100" ind1="1" ind2=" ">
    <subfield code="a">Zani Minoja, L.</subfield>
    <subfield code="q">(Liliana)</subfield>
  </datafield>
  <datafield tag="400" ind1="1" ind2=" ">
    <subfield code="a">Zani Minoja, Liliana</subfield>
  </datafield>
  <datafield tag="400" ind1="1" ind2=" ">
    <subfield code="a">Minoja, L. Zani</subfield>
    <subfield code="q">(Liliana Zani)</subfield>
  </datafield>
  <datafield tag="400" ind1="1" ind2=" ">
    <subfield code="w">nna</subfield>
    <subfield code="a">Minoja Zani, Liliana</subfield>
  </datafield>
  <datafield tag="670" ind1=" " ind2=" ">
    <subfield code="a">Nascere persona, crescere persone, 1991:</subfield>
    <subfield code="b">t.p. (L. Zani Minoja) p. 145 (Prof. Liliana Zani Minoja, prof. associato psicologia, UniversitaĚ Torino)</subfield>
  </datafield>
  <datafield tag="670" ind1=" " ind2=" ">
    <subfield code="a">LC data base, 04-16-93</subfield>
    <subfield code="b">(hdg.: Minoja Zani, Liliana; usage: Liliana Minoja Zani)</subfield>
  </datafield>
</record>